
@misc{Kubernetes.io,
  langid = {english},
  title = {Lorem {{Ipsum}} - {{All}} the Facts - {{Lipsum}} Generator},
  url = {https://kubernetes.io/docs/concepts/overview/},
  author = {{https://kubernetes.io}},
  urldate = {2019-02-02},
}


